@article{b1,
  title={Computer vision: algorithms and applications},
  author={Szeliski, Richard},
  year={2010},
  journal={Springer Science \& Business Media}
}
@article{b2,
  title={Computer on: algorithms and applications},
  author={Szeliski, Richard},
  year={2010},
  journal={Springer Science \& Business Media}
}
@article{b3,
  title={Cmputer vision: algorithms and applications},
  author={Szeliski, Richard},
  year={2010},
  journal={Springer Science \& Business Media}
}
@article{b4,
  title={Coputer vision: algorithms and applications},
  author={Szeliski, Richard},
  year={2010},
  journal={Springer Science \& Business Media}
}
@article{b5,
  title={Computer vision: algthms and applications},
  author={Szeliski, Richard},
  year={2010},
  journal={Springer Science \& Business Media}
}
@article{b6,
  title={Computer vision: algrithms and applications},
  author={Szeliski, Richard},
  year={2010},
  journal={Springer Science \& Business Media}
}
@article{b7,
  title={Computer vision: alg and applications},
  author={Szeliski, Richard},
  year={2010},
  journal={Springer Science \& Business Media}
}
@article{b8,
  title={Computer vision: algorithms ad applications},
  author={Szeliski, Richard},
  year={2010},
  journal={Springer Science \& Business Media}
}
